@book{fowlerRefactor,
  title={Refactoring: improving the design of existing code},
  author={Fowler, Martin},
  year={1999},
  publisher={Pearson Education India}
}
@inproceedings{mantylaTaxonomy,
  title={A taxonomy and an initial empirical study of bad smells in code},
  author={Mantyla, Mika and Vanhanen, Jari and Lassenius, Casper},
  booktitle={Software Maintenance, 2003. ICSM 2003. Proceedings. International Conference on},
  pages={381--384},
  year={2003},
  organization={IEEE}
}
@book{martinAgile,
  title={Agile software development: principles, patterns, and practices},
  author={Martin, Robert Cecil},
  year={2003},
  publisher={Prentice Hall PTR}
}
@inproceedings{mantylaDrivers,
  title={Drivers for software refactoring decisions},
  author={M{\"a}ntyl{\"a}, Mika V and Lassenius, Casper},
  booktitle={Proceedings of the 2006 ACM/IEEE international symposium on Empirical software engineering},
  pages={297--306},
  year={2006},
  organization={ACM}
}
@article{brownAntiPatterns,
  title={AntiPatterns: refactoring software, architectures, and projects in crisis},
  author={Brown, William J and McCormick, Hays W and Mowbray, Thomas J and Malveau, Raphael C},
  year={1998},
  publisher={Wiley New York}
}
@book{demeyerReengineering,
  title={Object-oriented reengineering patterns},
  author={Demeyer, Serge and Ducasse, St{\'e}phane and Nierstrasz, Oscar},
  year={2002},
  publisher={Elsevier}
}
@article{mensSurvey,
  title={A survey of software refactoring},
  author={Mens, Tom and Tourw{\'e}, Tom},
  journal={Software Engineering, IEEE Transactions on},
  volume={30},
  number={2},
  pages={126--139},
  year={2004},
  publisher={IEEE}
}
@inproceedings{siyInspection,
  title={Does the modern code inspection have value?},
  author={Siy, Harvey and Votta, Lawrence},
  booktitle={Proceedings of the IEEE international Conference on Software Maintenance (ICSM'01)},
  pages={281},
  year={2001},
  organization={IEEE Computer Society}
}
@inproceedings{simonMetrics,
  title={Metrics based refactoring},
  author={Simon, Frank and Steinbruckner, Frank and Lewerentz, Claus},
  booktitle={Software Maintenance and Reengineering, 2001. Fifth European Conference on},
  pages={30--38},
  year={2001},
  organization={IEEE}
}
@inproceedings{kataokaAutomated,
  title={Automated support for program refactoring using invariants},
  author={Kataoka, Yoshio and Notkin, David and Ernst, Michael D and Griswold, William G},
  booktitle={Proceedings of the IEEE International Conference on Software Maintenance (ICSM'01)},
  pages={736},
  year={2001},
  organization={IEEE Computer Society}
}
@inproceedings{tourweRefactoring,
  title={Identifying refactoring opportunities using logic meta programming},
  author={Tourw{\'e}, Tom and Mens, Tom},
  booktitle={Software Maintenance and Reengineering, 2003. Proceedings. Seventh European Conference on},
  pages={91--100},
  year={2003},
  organization={IEEE}
}
@inproceedings{yamashitaDevelopers,
  title={Do developers care about code smells? An exploratory survey},
  author={Yamashita, Aiko and Moonen, Leon},
  booktitle={Reverse Engineering (WCRE), 2013 20th Working Conference on},
  pages={242--251},
  year={2013},
  organization={IEEE}
}
@book{wakeRefactor,
  title={Refactoring workbook},
  author={Wake, William C},
  year={2004},
  publisher={Addison-Wesley Professional}
}
@article{chidamberMetrics,
  title={A metrics suite for object oriented design},
  author={Chidamber, Shyam R and Kemerer, Chris F},
  journal={Software Engineering, IEEE Transactions on},
  volume={20},
  number={6},
  pages={476--493},
  year={1994},
  publisher={IEEE}
}
@inproceedings{kimField,
  title={A field study of refactoring challenges and benefits},
  author={Kim, Miryung and Zimmermann, Thomas and Nagappan, Nachiappan},
  booktitle={Proceedings of the ACM SIGSOFT 20th International Symposium on the Foundations of Software Engineering},
  pages={50},
  year={2012},
  organization={ACM}
}
@article{basiliCodeReading,
  title={The empirical investigation of perspective-based reading},
  author={Basili, Victor R and Green, Scott and Laitenberger, Oliver and Lanubile, Filippo and Shull, Forrest and S{\o}rumg{\aa}rd, Sivert and Zelkowitz, Marvin V},
  journal={Empirical Software Engineering},
  volume={1},
  number={2},
  pages={133--164},
  year={1996},
  publisher={Springer}
}
@article{porterCodeReading,
  title={Comparing detection methods for software requirements inspections: A replicated experiment},
  author={Porter, Adam A and Votta Jr, Lawrence G and Basili, Victor R},
  journal={Software Engineering, IEEE Transactions on},
  volume={21},
  number={6},
  pages={563--575},
  year={1995},
  publisher={IEEE}
}
@inproceedings{mantylaEvolvability,
  title={Empirical software evolvability-code smells and human evaluations},
  author={Mantyla, Mika V},
  booktitle={Software Maintenance (ICSM), 2010 IEEE International Conference on},
  pages={1--6},
  year={2010},
  organization={IEEE}
}
@book{lehmanLaws,
  title={Laws of program evolution-rules and tools for programming management},
  author={Lehman, Meir M},
  year={1978}
}
@article{shatnawiEmpirical,
  title={An empirical assessment of refactoring impact on software quality using a hierarchical quality model},
  author={Shatnawi, Raed and Li, Wei},
  journal={International Journal of Software Engineering and Its Applications},
  volume={5},
  number={4},
  pages={127--149},
  year={2011},
  publisher={Citeseer}
}
@article{selbyMicrosoft,
  title={Microsoft secrets},
  author={Selby, Richard W and Cusumano, Michael A},
  journal={How the Worldâ€™s Most Powerful},
  year={1998}
}
@phdthesis{opdykeRefactoring,
  title={Refactoring: A program restructuring aid in designing object-oriented application frameworks},
  author={Opdyke, William F},
  year={1992},
  school={PhD thesis, University of Illinois at Urbana-Champaign}
}
@article{abebeLiterature,
  title={Trends, Opportunities and Challenges of Software Refactoring: A Systematic Literature Review.},
  author={Abebe, Mesfin and Yoo, Cheol-Jung},
  journal={International Journal of Software Engineering \& Its Applications},
  volume={8},
  number={6},
  year={2014}
}